@Manual{htm_documentation,
  Title = {Hierarchical Temporal Memory including HTM Cortical Learning Algorithms},
  Organisation = {Numenta, Inc.},
  edition = {Version 0.2.1},
  month = "September",
  Year = 2011
}


@Book{on_intelligence,
 author = {J.~Hawkins, S.~Blakeslee},
 title = {On Intelligence: How a New Understanding of the Brain will Lead to the Creation of Truly Intelligent Machines}, 
 address = {United States},
publisher = {Times Book},
year = 2004,
language = {english},
note = {ISBN 0-8050-7456-2},
}

@Book{bloom,
 author = {Ф. Блум and А. Лейзерсон and Л. Хофстедтер},
 title = {Мозг, разум и поведение.}, 
 address = {М.},
 publisher = {Мир},
 year = 1998,
 volume = 248,
 language = {russian},
 note = {ISBN  5-03-001258-3},
}


